<record><leader>00000cas a22000007a 4500</leader><controlfield tag="001">15794885</controlfield><controlfield tag="008">870601u1915uuuunjuwr ne      0    0eng d</controlfield><datafield ind1=" " ind2=" " tag="010"><subfield code="a">sn 87068114 </subfield></datafield><datafield ind1=" " ind2=" " tag="040"><subfield code="a">NJW</subfield><subfield code="b">eng</subfield><subfield code="c">NJW</subfield><subfield code="d">OCLCQ</subfield></datafield><datafield ind1=" " ind2=" " tag="042"><subfield code="a">msc</subfield></datafield><datafield ind1="0" ind2="0" tag="245"><subfield code="a">State Republican news.</subfield></datafield><datafield ind1=" " ind2=" " tag="260"><subfield code="a">Trenton, N.J. :</subfield><subfield code="b">Republican State Committee of New Jersey,</subfield><subfield code="c">1915-</subfield></datafield><datafield ind1=" " ind2=" " tag="310"><subfield code="a">Weekly</subfield></datafield><datafield ind1="0" ind2=" " tag="362"><subfield code="a">Vol. 1, no. 6 (Feb. 20, 1915)-</subfield></datafield><datafield ind1=" " ind2=" " tag="550"><subfield code="a">Issued by the New Jersey Republican State Committee.</subfield></datafield><datafield ind1="2" ind2=" " tag="710"><subfield code="a">New Jersey Republican State Committee.</subfield></datafield><datafield ind1=" " ind2=" " tag="752"><subfield code="a">United States</subfield><subfield code="b">New Jersey</subfield><subfield code="c">Mercer</subfield><subfield code="d">Trenton.</subfield></datafield><datafield ind1="0" ind2="0" tag="780"><subfield code="t">Weekly bulletin (Trenton, N.J.)</subfield><subfield code="w">(DLC)sn 87068140</subfield></datafield><datafield ind1="1" ind2=" " tag="029"><subfield code="a">AU@</subfield><subfield code="b">000025792367</subfield></datafield></record>